<?xml version="1.0" encoding="UTF-8"?><record xmlns="http://www.loc.gov/MARC21/slim" xmlns:cinclude="http://apache.org/cocoon/include/1.0" xmlns:zs="http://www.loc.gov/zing/srw/">
  <leader>00599cz  a2200181n  4500</leader>
  <controlfield tag="001">n  89287835 </controlfield>
  <controlfield tag="003">DLC</controlfield>
  <controlfield tag="005">20020202072702.0</controlfield>
  <controlfield tag="008">930225n| acannaabn          |a aaa      </controlfield>
  <datafield tag="010" ind1=" " ind2=" ">
    <subfield code="a">n  89287835 </subfield>
  </datafield>
  <datafield tag="035" ind1=" " ind2=" ">
    <subfield code="a">(OCoLC)oca03323543</subfield>
  </datafield>
  <datafield tag="040" ind1=" " ind2=" ">
    <subfield code="a">DLC</subfield>
    <subfield code="b">eng</subfield>
    <subfield code="c">DLC</subfield>
    <subfield code="d">OCoLC</subfield>
  </datafield>
  <datafield tag="053" ind1=" " ind2="0">
    <subfield code="a">PK2098.39.U</subfield>
  </datafield>
  <datafield tag="100" ind1="1" ind2=" ">
    <subfield code="a">Śukla, Rāmacandra,</subfield>
    <subfield code="d">1940-</subfield>
  </datafield>
  <datafield tag="400" ind1="0" ind2=" ">
    <subfield code="a">Rāmacandra Śukla,</subfield>
    <subfield code="d">1940-</subfield>
  </datafield>
  <datafield tag="400" ind1="0" ind2=" ">
    <subfield code="a">Ram Chandra Shukla,</subfield>
    <subfield code="d">1940-</subfield>
  </datafield>
  <datafield tag="400" ind1="1" ind2=" ">
    <subfield code="a">Shukla, Ram Chandra,</subfield>
    <subfield code="d">1940-</subfield>
  </datafield>
  <datafield tag="670" ind1=" " ind2=" ">
    <subfield code="a">His Arunimā, 1992:</subfield>
    <subfield code="b">t.p. (Rāmacandra Śukla) t.p. verso (Ram Chandra Shukla) jkt. (B.Sc., LL. B.; advocate; b. 1/18/1940)</subfield>
  </datafield>
</record>